<record><leader>00000cas a2200000 a 4500</leader><controlfield tag="001">39283182</controlfield><controlfield tag="008">980613d19701975caudn ne      0    0eng c</controlfield><datafield ind1=" " ind2=" " tag="010"><subfield code="a">sn 98061494 </subfield></datafield><datafield ind1=" " ind2=" " tag="040"><subfield code="a">CNK</subfield><subfield code="b">eng</subfield><subfield code="c">CNK</subfield><subfield code="d">OCLCQ</subfield><subfield code="d">OCLCF</subfield><subfield code="d">OCLCO</subfield></datafield><datafield ind1="1" ind2=" " tag="029"><subfield code="a">AU@</subfield><subfield code="b">000022039349</subfield></datafield><datafield ind1=" " ind2=" " tag="042"><subfield code="a">pcc</subfield></datafield><datafield ind1=" " ind2=" " tag="043"><subfield code="a">n-us-ca</subfield></datafield><datafield ind1="0" ind2=" " tag="130"><subfield code="a">Daily southeast news and Downey champion (Downey, Calif. : 1970)</subfield></datafield><datafield ind1="1" ind2="4" tag="245"><subfield code="a">The daily southeast news and Downey champion.</subfield></datafield><datafield ind1="1" ind2=" " tag="246"><subfield code="i">Published on Sundays as:</subfield><subfield code="a">Southeast news shopper guide</subfield><subfield code="f">Nov. 8, 1970-Mar. 30, 1975</subfield></datafield><datafield ind1="3" ind2=" " tag="246"><subfield code="a">Southeast news</subfield></datafield><datafield ind1="1" ind2="3" tag="246"><subfield code="a">Southeast news and Downey champion</subfield></datafield><datafield ind1=" " ind2=" " tag="260"><subfield code="a">Downey, Calif. :</subfield><subfield code="b">Downey Newspapers</subfield></datafield><datafield ind1=" " ind2=" " tag="300"><subfield code="a">v.</subfield></datafield><datafield ind1=" " ind2=" " tag="310"><subfield code="a">Daily (except Sat.)</subfield></datafield><datafield ind1="0" ind2=" " tag="362"><subfield code="a">Vol. 26, no. 149 (Nov. 5, 1970)-v. 30, no. 248 (Mar. 31, 1975).</subfield></datafield><datafield ind1=" " ind2=" " tag="500"><subfield code="a">"Downey-Norwalk-Bellflower-Paramount-Pico Rivera-Santa Fe Springs."</subfield></datafield><datafield ind1=" " ind2=" " tag="500"><subfield code="a">"The Daily" appears in small print above "Southeast News;" "And Downey Champion" appears in smaller print below "Southeast News."</subfield></datafield><datafield ind1=" " ind2="0" tag="651"><subfield code="a">Downey (Calif.)</subfield><subfield code="v">Newspapers.</subfield></datafield><datafield ind1=" " ind2="0" tag="651"><subfield code="a">Los Angeles County (Calif.)</subfield><subfield code="v">Newspapers.</subfield></datafield><datafield ind1=" " ind2="7" tag="655"><subfield code="a">Newspapers.</subfield><subfield code="2">fast</subfield><subfield code="0">(OCoLC)fst01423814</subfield></datafield><datafield ind1=" " ind2="7" tag="651"><subfield code="a">California</subfield><subfield code="z">Downey.</subfield><subfield code="2">fast</subfield><subfield code="0">(OCoLC)fst01208942</subfield></datafield><datafield ind1=" " ind2="7" tag="651"><subfield code="a">California</subfield><subfield code="z">Los Angeles County.</subfield><subfield code="2">fast</subfield><subfield code="0">(OCoLC)fst01205194</subfield></datafield><datafield ind1=" " ind2=" " tag="752"><subfield code="a">United States</subfield><subfield code="b">California</subfield><subfield code="c">Los Angeles</subfield><subfield code="d">Downey.</subfield></datafield><datafield ind1="0" ind2="0" tag="780"><subfield code="t">Daily southeast news (Downey, Calif : 1968)</subfield><subfield code="w">(DLC)sn 98061493</subfield></datafield><datafield ind1="0" ind2="0" tag="785"><subfield code="t">Southeast news (Downey, Calif. : 1975)</subfield><subfield code="w">(DLC)sn 98061495</subfield></datafield></record>